<record><leader>00000cas a22000007a 4500</leader><controlfield tag="001">9266076</controlfield><controlfield tag="008">830301d18461853mauwr ne      0    0eng d</controlfield><datafield ind1=" " ind2=" " tag="010"><subfield code="a">sn 83020108 </subfield></datafield><datafield ind1=" " ind2=" " tag="040"><subfield code="a">NPX</subfield><subfield code="b">eng</subfield><subfield code="c">NPX</subfield><subfield code="d">OCLCQ</subfield></datafield><datafield ind1=" " ind2=" " tag="042"><subfield code="a">msc</subfield></datafield><datafield ind1="0" ind2="0" tag="245"><subfield code="a">Chicopee telegraph.</subfield></datafield><datafield ind1=" " ind2=" " tag="260"><subfield code="a">Cabotville [i.e. Chicopee, Mass.] :</subfield><subfield code="b">J.C. Stoever</subfield></datafield><datafield ind1=" " ind2=" " tag="300"><subfield code="a">v. ;</subfield><subfield code="c">63 cm.</subfield></datafield><datafield ind1=" " ind2=" " tag="310"><subfield code="a">Weekly</subfield></datafield><datafield ind1="1" ind2=" " tag="362"><subfield code="a">Began with Feb. 11, 1846 issue.</subfield><subfield code="z">Cf. Gregory, W. Amer. newspapers.</subfield></datafield><datafield ind1="1" ind2=" " tag="362"><subfield code="a">Ceased in 1853.</subfield><subfield code="z">Cf. Shlakman, v. Economic hist. of a factory town; a study of Chicopee, Mass.</subfield></datafield><datafield ind1=" " ind2=" " tag="500"><subfield code="a">Publishers: J.C. Stoever &amp; Co., 1847-&lt;1849&gt;; J.C. Stoever, &lt;1849&gt;-1853; J.R. Childs, 1853.</subfield></datafield><datafield ind1=" " ind2=" " tag="500"><subfield code="a">Printers: J.C. Stoever, 1846-1847; J.C. Stoever &amp; Co., 1847-&lt;1849&gt;; J.C. Stoever, &lt;1849&gt;-1853; J.R. Childs, 1853.</subfield></datafield><datafield ind1=" " ind2=" " tag="515"><subfield code="a">Some issues have "whole numbers."</subfield></datafield><datafield ind1=" " ind2=" " tag="588"><subfield code="a">Description based on: Jan 12, 1847.</subfield></datafield><datafield ind1=" " ind2=" " tag="752"><subfield code="a">United States</subfield><subfield code="b">Massachusetts</subfield><subfield code="c">Hampden</subfield><subfield code="d">Chicopee.</subfield></datafield><datafield ind1=" " ind2=" " tag="752"><subfield code="a">United States</subfield><subfield code="b">Massachusetts</subfield><subfield code="c">Hampden</subfield><subfield code="d">Cabotville.</subfield></datafield></record>